@online{hadoop,
 	title = {Apache Hadoop},
	url = {http://hadoop.apache.org/},
	year = 2016,
	urldate = {2016-09-09}
}

@online{spark,
 	title = {Apache Spark},
	url = {http://spark.apache.org/},
	year = 2016,
	urldate = {2016-09-09}
}

@online{twit-stream,
 	title = {Twitter Streaming API},
	url = {https://dev.twitter.com/streaming/overview},
	year = 2016,
	urldate = {2016-09-09}
}
